@article{lin2012weakly,
	title={Weakly supervised joint sentiment-topic detection from text},
	author={Lin, Chenghua and He, Yulan and Everson, Richard and Ruger, Stefan},
	journal={IEEE Transactions on Knowledge and Data engineering},
	volume={24},
	number={6},
	pages={1134--1145},
	year={2012},
	publisher={IEEE}
}